@article{Moulane2018,
	author = {Moulane, Y. and {Jehin, E.} and {Opitom, C.} and {Pozuelos, F. J.} and {Manfroid, J.} and {Benkhaldoun, Z.} and {Daassou, A.} and {Gillon, M.}},
	title = {Monitoring of the activity and composition of comets 41P/Tuttle-Giacobini-Kresak and 45P/Honda-Mrkos-Pajdusakova},
	DOI= "10.1051/0004-6361/201833582",
	url= "https://doi.org/10.1051/0004-6361/201833582",
	journal = {A\&A},
	year = 2018,
	volume = 619,
	pages = "A156",
}

